@MISC{GOOG,
  title = {http://www.scholar.google.com.br}
}
@report{MAT14,
  title={Modelo para escrita de textos de Monografia para o Curso de Bacharelado em Sistemas de Informação},
  author={da Silva Sacchi, Rodrigo Porf{\'\i}rio; de Mattos Pereira, Matheus}
  year={2014}
}