@article{FRI1996,
  title={Rock and roll},
  author={Friedlander, Paul},
  journal={Uma Hist{\'o}ria social},
  year={1996}
}

@book{CHA1985,
  title={O que Ã© rock},
  author={Chacon, Paulo},
  year={1985},
  publisher={Nova Cultural/Brasiliense}
}

@article{AS2008,
  title={Web Music: produ{\c{c}}{\~a}o e consumo de m{\'u}sica na cibercultura},
  author={Castro, Gisela GS},
  year={2008}
}

@book{janotti2003aumenta,
  title={Aumenta que isso a{\'\i} {\'e} rock and roll: m{\'\i}dia, g{\^e}nero musical e identidade},
  author={Janotti Jr, Janotti Junior},
  year={2003},_
  publisher={Editora E-papers}
}

@book{cateforis2013rock,
  title={The rock history reader},
  author={Cateforis, Theo},
  year={2013},
  publisher={Routledge}
}

@book{stuessy1990rock,
  title={Rock \& Roll},
  author={Stuessy, Joe and Lipscomb, Scott},
  year={1990},
  publisher={Prentice Hall}
}